@inproceedings{Han:2022laq,
    author = "Han, Tao and Ma, Yang and Xie, Keping",
    title = "{Electroweak fragmentation at high energies: A Snowmass White Paper}",
    booktitle = "{2022 Snowmass Summer Study}",
    eprint = "2203.11129",
    archivePrefix = "arXiv",
    primaryClass = "hep-ph",
    reportNumber = "PITT-PACC-2204",
    month = "3",
    year = "2022"
}
@article{Han:2022rwq,
    author = "Han, Tao and Leibovich, Adam K. and Ma, Yang and Tan, Xiao-Ze",
    title = "{Higgs boson decay to charmonia via $c$-quark fragmentation}",
    eprint = "2202.08273",
    archivePrefix = "arXiv",
    primaryClass = "hep-ph",
    reportNumber = "PITT-PACC-2120",
    month = "2",
    year = "2022"
}
@article{Han:2021lnp,
    author = {Han, Tao and Kilian, Wolfgang and Kreher, Nils and Ma, Yang and Reuter, J\"urgen and Striegl, Tobias and Xie, Keping},
    title = "{Precision test of the muon-Higgs coupling at a high-energy muon collider}",
    eprint = "2108.05362",
    archivePrefix = "arXiv",
    primaryClass = "hep-ph",
    reportNumber = "DESY 21-068, PITT-PACC-2110",
    doi = "10.1007/JHEP12(2021)162",
    journal = "JHEP",
    volume = "12",
    pages = "162",
    year = "2021"
}
@article{Buarque:2021dji,
    author = "Buarque, Diogo and others",
    title = "{Vector Boson Scattering Processes: Status and Prospects}",
    eprint = "2106.01393",
    archivePrefix = "arXiv",
    primaryClass = "hep-ph",
    reportNumber = "CP3-21-14, DESY-21-064, IFJPAN-IV-2021-8, PITT-PACC-2106, VBSCAN-PUB-04-21, PITT-PACC-2106, VBSCAN-PUB-04-21",
    doi = "10.1016/j.revip.2022.100071",
    journal = "Rev. Phys.",
    volume = "8",
    pages = "100071",
    year = "2022"
}
@article{Han:2021kes,
    author = "Han, Tao and Ma, Yang and Xie, Keping",
    title = "{Quark and gluon contents of a lepton at high energies}",
    eprint = "2103.09844",
    archivePrefix = "arXiv",
    primaryClass = "hep-ph",
    reportNumber = "PITT-PACC-2104",
    doi = "10.1007/JHEP02(2022)154",
    journal = "JHEP",
    volume = "02",
    pages = "154",
    year = "2022"
}
@article{Han:2020uid,
    author = "Han, Tao and Ma, Yang and Xie, Keping",
    title = "{High energy leptonic collisions and electroweak parton distribution functions}",
    eprint = "2007.14300",
    archivePrefix = "arXiv",
    primaryClass = "hep-ph",
    reportNumber = "PITT-PACC 2006",
    doi = "10.1103/PhysRevD.103.L031301",
    journal = "Phys. Rev. D",
    volume = "103",
    number = "3",
    pages = "L031301",
    year = "2021"
}
@article{Sun:2019cxx,
    author = "Sun, Zhan and Ma, Yang",
    title = "{Inclusive productions of $\Upsilon(1S,2S,3S)$ and $\chi_b(1P,2P,3P)$ via the Higgs boson decay}",
    eprint = "1909.08548",
    archivePrefix = "arXiv",
    primaryClass = "hep-ph",
    reportNumber = "PITT-PACC-1908",
    doi = "10.1103/PhysRevD.100.094019",
    journal = "Phys. Rev. D",
    volume = "100",
    number = "9",
    pages = "094019",
    year = "2019"
}
@article{Sun:2018rgx,
    author = "Sun, Zhan and Wu, Xing-Gang and Ma, Yang and Brodsky, Stanley J.",
    title = "{Exclusive production of $J/\psi+\eta_c$ at the $B$ factories Belle and Babar using the principle of maximum conformality}",
    eprint = "1807.04503",
    archivePrefix = "arXiv",
    primaryClass = "hep-ph",
    reportNumber = "SLAC-PUB-17300, PITT-PACC-1812",
    doi = "10.1103/PhysRevD.98.094001",
    journal = "Phys. Rev. D",
    volume = "98",
    number = "9",
    pages = "094001",
    year = "2018"
}
@article{Ma:2017xef,
    author = "Ma, Yang and Wu, Xing-Gang",
    title = "{Renormalization scheme dependence of high-order perturbative QCD predictions}",
    eprint = "1707.09886",
    archivePrefix = "arXiv",
    primaryClass = "hep-ph",
    reportNumber = "PITT-PACC-1708",
    doi = "10.1103/PhysRevD.97.036024",
    journal = "Phys. Rev. D",
    volume = "97",
    number = "3",
    pages = "036024",
    year = "2018"
}
@article{Shen:2016dnq,
    author = "Shen, Jian-Ming and Wu, Xing-Gang and Ma, Yang and Brodsky, Stanley J.",
    title = "{The Generalized Scheme-Independent Crewther Relation in QCD}",
    eprint = "1611.07249",
    archivePrefix = "arXiv",
    primaryClass = "hep-ph",
    reportNumber = "SLAC-PUB-16845, PITT-PACC-1612",
    doi = "10.1016/j.physletb.2017.05.022",
    journal = "Phys. Lett. B",
    volume = "770",
    pages = "494--499",
    year = "2017"
}



